@misc{orienteering ,
	title = {Orienteering},
	publisher = {Merriam-Webster},
	howpublished = {[Online]. Available: \url{https://www.merriam-webster.com/dictionary/orienteering/}}
}

@misc{waterfall ,
	author = {Leeron Hoory},
	title = {What is waterfall methodology? here's how it can help your project management strategy},
	publisher = {Forbes},
	howpublished = {25-Mar-2022. [Online]. Available: \url{https://www.forbes.com/advisor/business/what-is-waterfall-methodology/}}
}

@misc{dotnetcoremvc ,
	title = {Overview of ASP.NET Core MVC},
	publisher = {Microsoft},
	howpublished = {[Online]. Available: \url{https://docs.microsoft.com/en-us/aspnet/core/mvc/overview?view=aspnetcore-6.0}}
}

@misc{dotnetcore ,
	title = {Overview of ASP.NET Core},
	publisher = {Microsoft},
	howpublished = {[Online]. Available: \url{https://docs.microsoft.com/en-us/aspnet/core/introduction-to-aspnet-core?view=aspnetcore-6.0}}
}

@misc{separationOfConcerns ,
	title = {Common design principles},
	publisher = {Microsoft},
	howpublished = {[Online]. Available: \url{https://docs.microsoft.com/en-us/dotnet/architecture/modern-web-apps-azure/architectural-principles#separation-of-concerns}}
}


@misc{dependencyInjection ,
	title = {Dependency injection in ASP.NET Core},
	publisher = {Microsoft},
	howpublished = {[Online]. Available: \url{https://docs.microsoft.com/en-us/aspnet/core/fundamentals/dependency-injection?view=aspnetcore-6.0}}
}

@misc{unityNumbers ,
	title = {Gaming Poised to Continue Accelerated Growth According to Unity Gaming Report 2022},
	publisher = {Unity},
	howpublished = {[Online]. Available: \url{https://unity.com/our-company/newsroom/gaming-poised-continue-accelerated-growth-according-unity-gaming-report-2022}}
}

@misc{refInteg ,
	title = {SQL joining through referential integrity},
	publisher = {W3 Schools},
	howpublished = {[Online]. Available: \url{https://www.w3resource.com/sql/joins/joining-tables-through-referential-integrity.php}}
}

@misc{guidDef ,
	title = {Globally Unique Identifier (GUID)},
	publisher = {Technopedia},
	howpublished = {[Online]. Available: \url{https://www.techopedia.com/definition/1208/globally-unique-identifier-guid}}
}

@misc{xUnit ,
	title = {About xUnit.net},
	publisher = {xUnit.net},
	howpublished = {[Online]. Available: \url{https://xunit.net/}}
}

@book{srp ,
	author = {Bob C. Martin},
	title = {Clean Code: A Handbook of Agile Software Craftsmanship},
	edition = {1},
	publisher = {Prentice Hall},
	year = {2008},
	pages = {138--140}
}




